@misc{cnil-recomendation-mobile,
  author       = "Commission Nationale Informatique et Liberté",
  title        = "Recommandation relative aux applications mobiles",
 howpublished = {\url{https://www.cnil.fr/sites/cnil/files/2024-09/recommandation-applications-mobiles.pdf}},
 note = {Accessed on 2025-04-24}
}

@misc{icom_sustainability,
  author = {{International Council of Museums (ICOM)}},
  title = {Sustainability and Local Development},
  year = {2020},
  howpublished = {\url{https://icom.museum/en/research/sustainability-and-local-development/}},
  note = {Accessed: 2025-04-24}
}

@misc{gai_uclouvain,
    author = {Jean-François van Drooghenbroeck},
    title = {Utilisation des intelligences artificielles génératives: Note à l’attention des étudiantes et étudiants de l’UCLouvain},
    year = {2024},
    howpublished = {\url{https://www.uclouvain.be/consignes-chatgpt}},
    note = {Accessed: 2025-04-27}
}

@misc{gai_epl,
    author = {bureau de faculté de l'École Polytechnique de Louvain},
    title = {Règlement des travaux de fin d’études à l’Ecole Polytechnique de Louvain},
    year = {2025},
    howpublished = {\url{https://moodle.uclouvain.be/mod/page/view.php?id=134701}},
    note = {Accessed: 2025-04-27}
}

